@book{quarteroni,
  title={Numerical models for differential problems},
  author={Quarteroni, Alfio},
  volume={2},
  year={2009},
  publisher={Springer}
}

@article{benzi,
  title={Numerical solution of saddle point problems},
  author={Benzi, Michele and Golub, Gene H and Liesen, Jorg},
  journal={Acta numerica},
  volume={14},
  number={1},
  pages={1--137},
  year={2005}
}

@book{reddy,
  title={Introductory Functional Analysis: With Applications to Boundary Value Problems and Finite Elements},
  author={Reddy, B.D.},
  year={1998},
  publisher={Springer}
}

@article{babuska,
year={1973},
journal={Numerische Mathematik},
volume={20},
number={3},
title={The finite element method with Lagrangian multipliers},
author={Babu\v{s}ka, Ivo},
pages={179-192},
}

@book{brenner,
  title={The Mathematical Theory of Finite Element Methods},
  author={Brenner, S.C. and Scott, R.},
  series={Texts in Applied Mathematics},
  year={2008},
  publisher={Springer}
}

@article{numpy,
   author = {Walt, Stéfan van der and Colbert, S. Chris and Varoquaux, Gaël},
   title = {The NumPy Array: A Structure for Efficient Numerical Computation},
   journal = {Computing in Science & Engineering},
   year = {2011},
   volume = {13},
   number = {2}, 
   pages = {22-30}
}

@article{shenpaper,
 author = {Shen, Jie},
 title = {Efficient spectral-Galerkin Method I: Direct Solvers of Second-and Fourth-order Equations Using Legendre Polynomials},
 journal = {SIAM J. Sci. Comput.},
 volume = {15},
 number = {6},
 year = {1994},
 pages = {1489--1505}
} 

@article{brezzi,
author = {Brezzi, F.},
journal = {ESAIM: Mathematical Modelling and Numerical Analysis - Modélisation Mathématique et Analyse Numérique},
number = {R2},
pages = {129-151},
title = {On the existence, uniqueness and approximation of saddle-point problems arising from lagrangian multipliers},
volume = {8},
year = {1974}
}

@Manual{sympy,
title = {SymPy: Python library for symbolic mathematics},
author = {{SymPy Development Team}},
year = {2014},
url = {http://www.sympy.org},
}


@article{kent,
  title={Preconditioning discretizations of systems of partial differential equations},
  author={Mardal, Kent-Andre and Winther, Ragnar},
  journal={Numerical Linear Algebra with Applications},
  volume={18},
  number={1},
  pages={1--40},
  year={2011}
}

@incollection{marie,
  title={Automated testing of saddle point stability conditions},
  author={Rognes, Marie E},
  booktitle={Automated Solution of Differential Equations by the Finite Element Method},
  pages={657--671},
  year={2012},
  publisher={Springer Berlin Heidelberg}
}

@article{brennerip,
year={2005},
journal={Journal of Scientific Computing},
volume={22-23},
number={1-3},
title={$C^0$ Interior Penalty Methods for Fourth Order Elliptic Boundary Value Problems on Polygonal Domains},
author={Brenner, SusanneC. and Sung, Li-Yeng},
pages={83-118}
}

@article{argyris,
  title={The TUBA family of plate elements for the matrix displacement method(TUBA family of plate elements for matrix displacement method based on polynomial functions for deflections of triangular elements under bending/TRIB/)},
  author={Argyris, JH and Fried, I and Scharpf, DW},
  journal={Aeronautical Journal},
  volume={72},
  pages={701--709},
  year={1968}
}

@article{morley,
  title={The triangular equilibrium element in the solution of plate bending problems},
  author={Morley, LSD},
  journal={Aero. Quart},
  volume={19},
  pages={149--169},
  year={1968}
}

@article{malkus,
  title={Eigenproblems associated with the discrete LBB condition for incompressible finite elements},
  author={Malkus, DS},
  journal={International Journal of Engineering Science},
  volume={19},
  number={10},
  pages={1299--1310},
  year={1981}
}
