@book{shen_book,
  title={Spectral Methods: Algorithms, Analysis and Applications},
  author={Shen, J. and Tang, T. and Wang, L.L.},
  isbn={9783540710417},
  lccn={2011934044},
  series={Springer Series in Computational Mathematics},
  url={http://books.google.no/books?id=QmEBMK3tqkYC},
  year={2011},
  publisher={Springer},
}

@book{canuto,
  title={Spectral methods in fluid dynamics},
  author={Canuto, C.},
  isbn={9783540522058},
  lccn={93234633},
  series={Springer series in computational physics},
  url={http://books.google.no/books?id=2TbvAAAAMAAJ},
  year={1988},
  publisher={Springer-Verlag},
}

@article{shen_leg,
 author = {Shen, Jie},
 title = {Efficient spectral-Galerkin Method I: Direct Solvers of Second-and Fourth-order Equations Using Legendre Polynomials},
 journal = {SIAM J. Sci. Comput.},
 issue_date = {Nov. 1994},
 volume = {15},
 number = {6},
 month = nov,
 year = {1994},
 issn = {1064-8275},
 pages = {1489--1505},
 numpages = {17},
 url = {http://dx.doi.org/10.1137/0915089},
 doi = {10.1137/0915089},
 acmid = {195935},
 publisher = {Society for Industrial and Applied Mathematics},
 address = {Philadelphia, PA, USA},
 keywords = {Helmholtz equation, biharmonic equation, direct solver, legendre polynomial, spectral-Galerkin method},
} 
